@misc{adult_2,
  author       = {Becker, Barry and Kohavi, Ronny},
  title        = {{Adult}},
  year         = {1996},
  howpublished = {UCI Machine Learning Repository},
  note         = {{DOI}: https://doi.org/10.24432/C5XW20}
}